@book{lee2018intro,
  title={Introduction to Smooth Manifolds},
  author={Lee, John M.},
  year={2018},
  publisher={Springer}
}
